% Encoding: UTF-8
%% This BibTeX bibliography file was created using BibDesk.
%% http://bibdesk.sourceforge.net/

%% Saved with string encoding Unicode (UTF-8) 

@BOOK{messner:metasploit_hacking,
  AUTHOR       = "Michael Messner",
  TITLE        = "Hacking mit Metasploit: Das umfassende Hanfbuch zu Penetration Testing und Metasploit",
  PUBLISHER    = "dpunkt.verlag GmbH",
  YEAR         = "2015",
  ADDRESS      = "Heidelberg",
  SERIES	   = "2"
}

@TECHREPORT{bsi:studie,
	AUTHOR="BSI",
	TITLE="Durchführungskonzept für Penetrationstests",
	INSTITUTION="Bundesamt für Sicherheit in der Informationstechnik",
	ADDRESS="Bonn",
	TYPE="Studie",
	MONTH=nov,
	YEAR=2003
}

@electronic{nct:pentest,
	Author = {NCT GmbH},
	Language = {de},
	Timestamp = {2016.05.11},
	Title = {Schwachstellen erkennen – Sicherheitslücken schließen},
	Url = {https://www.nctgmbh.de/security/securitycenter/penetration-test/},
	Year = {2016},
	Bdsk-Url-1 = {https://www.nctgmbh.de/security/securitycenter/penetration-test/}
}
@Article{handelsblatt:commerzbank,
  author  = {Ilias Stampoulis},
  title   = {Börse Frankfurt: Commerzbank schießt in die Höhe},
  journal = {Handelsblatt},
  year    = {2014},
  date    = {2014-06-06},
}

@Comment{jabref-meta: databaseType:biblatex;}
