% Encoding: UTF-8

@Article{handelsblatt:commerzbank,
  author  = {Ilias Stampoulis},
  title   = {Börse Frankfurt: Commerzbank schießt in die Höhe},
  journal = {Handelsblatt},
  year    = {2014},
  date    = {2014-06-06},
}

@WWW{bafin-banken,
  author  = {{Bundesanstalt für Finanzdienstleistungsaufsicht}},
  title   = {BaFin - Banken \& Finanzdienstleister},
  year    = {2016},
  date    = {2016-03-22},
  url     = {https://www.bafin.de/DE/Aufsicht/BankenFinanzdienstleister/bankenfinanzdienstleister_node.html},
  urldate = {2017-04-02},
}

@Unpublished{coba-programmierrichtlinienAllgemein,
  author        = {{Commerzbank AG}},
  title         = {Allgemeine Programmierrichtlinien},
  howpublished  = {internes Dokument},
  __markedentry = {[Nikolas:1]},
}

@Unpublished{coba-programmierrichtlinienJavaScript,
  author       = {{Commerzbank AG}},
  title        = {Programmierrichtlinien JavaScript},
  howpublished = {internes Dokument},
}

@Unpublished{coba-bookOfStandards,
  author       = {{Commerzbank AG}},
  title        = {Book of Standards},
  howpublished = {internes Dokument},
}

@Book{hughes2012einfuehrungnodejs,
  author    = {T Hughes-Croucher and M Wilson and T Demmig},
  title     = {Einführung in Node.js},
  year      = {2012},
  publisher = {O'Reilly},
  isbn      = {9783868997972},
}

@WWW{nodejs,
  author  = {{Node.js Foundation}},
  title   = {Node.js},
  year    = {2017},
  url     = {https://nodejs.org/en/},
  urldate = {2017-04-06},
}

@WWW{chromev8,
  author  = {{Google Developers}},
  title   = {Chrome V8},
  year    = {2017},
  url     = {https://developers.google.com/v8/},
  urldate = {2017-04-06},
}

@WWW{ecma262,
  author   = {{Ecma International}},
  title    = {Standard ECMA-262},
  year     = {2016},
  date     = {2016-06},
  url      = {https://www.ecma-international.org/publications/files/ECMA-ST/Ecma-262.pdf},
  subtitle = {ECMAScript 2016 Language Specification},
  version  = {7},
  urldate  = {2017-04-06},
}

@WWW{npm-about,
  author  = {{npm, Inc.}},
  title   = {npm},
  year    = {2017},
  url     = {https://www.npmjs.com/about},
  urldate = {2017-04-08},
}

@WWW{modulecount,
  author  = {Erik DeBill},
  title   = {Modulecounts},
  year    = {2017},
  date    = {2017-04-09},
  url     = {http://www.modulecounts.com},
  urldate = {2017-04-09},
}

@WWW{npm-packagejson,
  author  = {{npm, Inc.}},
  title   = {Using a package.json},
  year    = {2017},
  date    = {2017-03-09},
  url     = {https://docs.npmjs.com/getting-started/using-a-package.json},
  urldate = {2017-04-09},
}

@WWW{jshint-about,
  author  = {Rick Waldron and Caitlin Potter and Mike Pennisi and Luke Page},
  title   = {About JSHint},
  year    = {2017},
  date    = {2017-01-28},
  url     = {http://jshint.com/about/},
  urldate = {2017-04-10},
}

@WWW{browserify-about,
  author  = {James Halliday and others},
  title   = {browserify},
  year    = {2017},
  date    = {2017-04-05},
  url     = {https://github.com/substack/node-browserify/blob/master/readme.markdown},
  urldate = {2017-04-10},
}

@WWW{npm-publish,
  author   = {{npm, Inc.}},
  title    = {npm-publish},
  year     = {2016},
  date     = {2016-11},
  url      = {https://docs.npmjs.com/cli/publish},
  subtitle = {Publish a package},
  urldate  = {2017-04-10},
}

@WWW{cirkel-npmAsABuildTool,
  author  = {Keith Cirkel},
  title   = {How to Use npm as a Build Tool},
  year    = {2014},
  date    = {2014-12-09},
  url     = {https://www.keithcirkel.co.uk/how-to-use-npm-as-a-build-tool/},
  urldate = {2017-04-10},
}

@WWW{npm-stylus,
  author  = {panya},
  title   = {stylus},
  year    = {2016},
  url     = {https://www.npmjs.com/package/stylus},
  urldate = {2017-04-10},
}

@Book{spillner,
  author    = {Andreas Spillner and Tilo Linz},
  title     = {Basiswissen Softwaretest},
  year      = {2012},
  date      = {2012-09-11},
  publisher = {Dpunkt.Verlag GmbH},
  isbn      = {3864900247},
  url       = {http://www.ebook.de/de/product/19361935/andreas_spillner_tilo_linz_basiswissen_softwaretest.html},
  ean       = {9783864900242},
}

@WWW{smashing-unit,
  author   = {Jörn Zaefferer},
  title    = {Introduction To JavaScript Unit Testing},
  year     = {2012},
  date     = {2012-06-27},
  url      = {https://www.smashingmagazine.com/2012/06/introduction-to-javascript-unit-testing/},
  subtitle = {How To Build A Testing Framework},
  urldate  = {2017-04-15},
}

@WWW{softwaresanierung,
  author  = {Software-Sanierung},
  title   = {Warum End-To-End-Tests alleine mehr schaden als nützen},
  year    = {2010},
  date    = {2010-02-28},
  url     = {https://softwaresanierung.wordpress.com/2010/02/28/warum-end-to-end-tests-alleine-mehr-schaden-als-nutzen/},
  urldate = {2017-04-17},
}

@Book{roitzsch,
  author    = {Erich H. Peter Roitzsch},
  title     = {Analytische Softwarequalitätssicherung in Theorie und Praxis},
  year      = {2005},
  publisher = {MV-Verlag},
  isbn      = {9783865822024},
}

@WWW{oose,
  author  = {{oose Innovative Informatik eG}},
  title   = {A-256 Testkonzept erstellen},
  year    = {2006},
  date    = {2006-11-06},
  url     = {https://www.oose.de/oep/desc/a_824d.htm?tid=256},
  urldate = {2017-04-17},
}

@WWW{angular-faq,
  author = {Google},
  title  = {AngularJS: Miscellaneous: FAQ},
  year   = {2017},
  url    = {https://docs.angularjs.org/misc/faq},
}

@Book{ng-book,
  author   = {Ari Lerner},
  title    = {ng-book},
  year     = {2013},
  subtitle = {The Complete Book on AngularJS},
  isbn     = {978-0-9913446-0-4},
}

@WWW{mit-license,
  author  = {Bill Patrianakos},
  title   = {Why I Use the MIT License},
  year    = {2016},
  date    = {2016-07-28},
  url     = {http://billpatrianakos.me/blog/2016/07/28/why-i-use-the-mit-license/},
  urldate = {2017-04-19},
}

@WWW{ng2-out,
  author  = {Pascal Precht},
  title   = {Angular 2 Is Out - Get Started Here},
  year    = {2016},
  date    = {2016-12-18},
  url     = {https://blog.thoughtram.io/angular/2016/09/15/angular-2-final-is-out.html},
  urldate = {2017-04-19},
}

@Book{angular-boehm,
  author = {Robin Böhm and Philipp Tarasiewicz},
  title  = {AngularJS: Eine praktische Einführung in das JavaScript-Framework},
  year   = {2014},
  date   = {2014-05-27},
}

@Comment{jabref-meta: databaseType:biblatex;}
